[gd_scene load_steps=7 format=2]

[ext_resource path="res://background.tres" type="Texture" id=1]
[ext_resource path="res://Main.gd" type="Script" id=2]
[ext_resource path="res://font.tres" type="DynamicFont" id=3]
[ext_resource path="res://Menu.gd" type="Script" id=4]

[sub_resource type="Animation" id=1]
resource_name = "Background"
loop = true
tracks/0/type = "value"
tracks/0/path = NodePath("Background:position")
tracks/0/interp = 1
tracks/0/loop_wrap = true
tracks/0/imported = false
tracks/0/enabled = true
tracks/0/keys = {
"times": PoolRealArray( 0, 1 ),
"transitions": PoolRealArray( 1, 1 ),
"update": 0,
"values": [ Vector2( 0, 0 ), Vector2( -799, 0 ) ]
}

[sub_resource type="Theme" id=2]
default_font = ExtResource( 3 )

[node name="Main" type="Node2D"]
script = ExtResource( 2 )

[node name="Camera2D" type="Camera2D" parent="."]
current = true

[node name="AnimationPlayer" type="AnimationPlayer" parent="."]
playback_speed = 0.1
anims/Background = SubResource( 1 )

[node name="Background" type="Node2D" parent="."]

[node name="First" type="Sprite" parent="Background"]
texture = ExtResource( 1 )

[node name="Second" type="Sprite" parent="Background"]
texture = ExtResource( 1 )
offset = Vector2( 799, 0 )

[node name="MenuLayer" type="CanvasLayer" parent="."]

[node name="Menu" type="PopupPanel" parent="MenuLayer"]
pause_mode = 2
margin_left = 325.0
margin_top = 165.0
margin_right = 475.0
margin_bottom = 315.0
theme = SubResource( 2 )
popup_exclusive = true
script = ExtResource( 4 )

[node name="CC" type="CenterContainer" parent="MenuLayer/Menu"]
margin_left = 4.0
margin_top = 4.0
margin_right = 146.0
margin_bottom = 146.0

[node name="VB" type="VBoxContainer" parent="MenuLayer/Menu/CC"]
margin_left = 13.0
margin_top = 45.0
margin_right = 128.0
margin_bottom = 97.0
rect_pivot_offset = Vector2( -539, -325 )

[node name="Resume" type="Button" parent="MenuLayer/Menu/CC/VB"]
visible = false
margin_left = -47.0
margin_top = -12.0
margin_right = 47.0
margin_bottom = 12.0
text = "Resume"

[node name="New" type="Button" parent="MenuLayer/Menu/CC/VB"]
margin_right = 115.0
margin_bottom = 24.0
text = "New game"

[node name="Quit" type="Button" parent="MenuLayer/Menu/CC/VB"]
margin_top = 28.0
margin_right = 115.0
margin_bottom = 52.0
text = "Quit"
